@book{Srednicki:1019751,
      author        = "Srednicki, Mark",
      title         = "{Quantum Field Theory}",
      publisher     = "Cambridge Univ. Press",
      address       = "Cambridge",
      year          = "2007",
      url           = "https://cds.cern.ch/record/1019751",
}

@book{Peskin:257493,
      author        = "Peskin, Michael E and Schroeder, Daniel V",
      title         = "{An introduction to quantum field theory}",
      publisher     = "Westview",
      address       = "Boulder, CO",
      year          = "1995",
      url           = "https://cds.cern.ch/record/257493",
      note          = "Includes exercises",
}
