@book{Thijssen2007,
  doi = {10.1017/cbo9781139171397},
  url = {https://doi.org/10.1017/cbo9781139171397},
  year = {2007},
  publisher = {Cambridge University Press},
  author = {Jos Thijssen},
  title = {Computational Physics}
}

@book{Lewars2016,
  doi = {10.1007/978-3-319-30916-3},
  url = {https://doi.org/10.1007/978-3-319-30916-3},
  year = {2016},
  publisher = {Springer International Publishing},
  author = {Errol G. Lewars},
  title = {Computational Chemistry}
}

@article{Chachiyo2016,
  doi = {10.1063/1.4958669},
  url = {https://doi.org/10.1063/1.4958669},
  year = {2016},
  month = jul,
  publisher = {{AIP} Publishing},
  volume = {145},
  number = {2},
  pages = {021101},
  author = {Teepanis Chachiyo},
  title = {Communication: Simple and accurate uniform electron gas correlation energy for the full range of densities},
  journal = {The Journal of Chemical Physics}
}

@article{Hehre1969,
  doi = {10.1063/1.1672392},
  url = {https://doi.org/10.1063/1.1672392},
  year = {1969},
  month = sep,
  publisher = {{AIP} Publishing},
  volume = {51},
  number = {6},
  pages = {2657--2664},
  author = {W. J. Hehre and R. F. Stewart and J. A. Pople},
  title = {Self-Consistent Molecular-Orbital Methods. I. Use of Gaussian Expansions of Slater-Type Atomic Orbitals},
  journal = {The Journal of Chemical Physics}
}

@book{szabo1996modern,
  title={Modern Quantum Chemistry: Introduction to Advanced Electronic Structure Theory},
  author={Szabo, A. and Ostlund, N.S.},
  isbn={9780486691862},
  lccn={lc96010775},
  series={Dover Books on Chemistry},
  url={https://books.google.co.kr/books?id=6mV9gYzEkgIC},
  year={1996},
  publisher={Dover Publications}
}

@book{1980量子化学,
  title={量子化学: 基本原理和从头计算法. 中册},
  author={徐光宪},
  isbn={9787030220394},
  year={2008},
  publisher={科学出版社}
}
