@article{Li2019,
  doi = {10.1002/adma.201900065},
  url = {https://doi.org/10.1002/adma.201900065},
  year = {2019},
  month = may,
  publisher = {Wiley},
  volume = {31},
  number = {27},
  pages = {1900065},
  author = {Hui Li and Shuangchen Ruan and Yu-Jia Zeng},
  title = {Intrinsic Van Der Waals Magnetic Materials from Bulk to the 2D Limit: New Frontiers of Spintronics},
  journal = {Advanced Materials}
}

@article{Mounet2018,
  doi = {10.1038/s41565-017-0035-5},
  url = {https://doi.org/10.1038/s41565-017-0035-5},
  year = {2018},
  month = feb,
  publisher = {Springer Science and Business Media {LLC}},
  volume = {13},
  number = {3},
  pages = {246--252},
  author = {Nicolas Mounet and Marco Gibertini and Philippe Schwaller and Davide Campi and Andrius Merkys and Antimo Marrazzo and Thibault Sohier and Ivano Eligio Castelli and Andrea Cepellotti and Giovanni Pizzi and Nicola Marzari},
  title = {Two-dimensional materials from high-throughput computational exfoliation of experimentally known compounds},
  journal = {Nature Nanotechnology}
}