@book{jackson_classical_1999,
  added-at = {2009-07-03T16:37:22.000+0200},
  address = {New York, {NY}},
  author = {Jackson, John David},
  biburl = {https://www.bibsonomy.org/bibtex/2baac05176a92886bbe1eae5ee72cf234/cernlibrary},
  edition = {3rd ed.},
  interhash = {05096e24942ceab2a2e9f0d35a45183a},
  intrahash = {baac05176a92886bbe1eae5ee72cf234},
  isbn = {9780471309321},
  keywords = {Fields Maxwell SummerStudentReadList09 book collisions electromagnetic electrostatic equations magnetostatics particle physics radiation relativity special waves},
  lccn = {538.3537.8},
  publisher = {Wiley},
  timestamp = {2009-07-24T15:58:21.000+0200},
  title = {Classical electrodynamics},
  url = {http://cdsweb.cern.ch/record/490457},
  year = 1999
}

@article{Polyakov,
author = {A. Polyakov, Peter and E. Rusakova, Natalia and V. Samukhina, Yulia},
year = {2015},
month = {10},
pages = {147-152},
title = {New solutions for charge distribution on conductor surface},
volume = {77},
journal = {Journal of Electrostatics},
doi = {10.1016/j.elstat.2015.08.003}
}

@article{Bhattacharya,
author = {Bhattacharya, Kolahal},
year = {2016},
month = {02},
pages = {1-8},
title = {On the Dependence of Charge Density on Surface Curvature of an Isolated Conductor},
volume = {91},
journal = {Physica Scripta},
doi = {10.1088/0031-8949/91/3/035501}
}

@article{Fan_1988,
  doi = {10.1088/0022-3727/21/2/019},
  url = {https://doi.org/10.1088%2F0022-3727%2F21%2F2%2F019},
  year = 1988,
  month = {feb},
  publisher = {{IOP} Publishing},
  volume = {21},
  number = {2},
  pages = {365--366},
  author = {Desen Fan},
  title = {The charge-density distribution on conductor surfaces},
  journal = {Journal of Physics D: Applied Physics},
  abstract = {An explanation of the charge-density distribution on conductor surfaces and a comment on the work of Luo Enze (1986) is presented. Emphasis is placed on the fact that charge-density distribution functions, which only depend on the local geometry, may not exist.}
}

@article{Enze_1986,
  doi = {10.1088/0022-3727/19/1/005},
  url = {https://doi.org/10.1088%2F0022-3727%2F19%2F1%2F005},
  year = 1986,
  month = {jan},
  publisher = {{IOP} Publishing},
  volume = {19},
  number = {1},
  pages = {1--6},
  author = {L Enze},
  title = {The distribution function of surface charge density with respect to surface curvature},
  journal = {Journal of Physics D: Applied Physics},
  abstract = {It is known experimentally that there exist a functional relationship between surface charge density sigma and surface curvature k on a charged conductor. However, this relationships has never been found in electrostatics up to now. The authors discuss this problem and derive the distribution function of sigma with respect to k.}
}

@article{Kuhnel,
author = {Kühnel, Wolfgang},
year = {2005},
month = {01},
pages = {},
title = {Differential Geometry: Curves – Surfaces – Manifolds}
}

@article{LiuCS,
author = {Liu, Chein-Shan},
year = {2008},
month = {06},
pages = {65-75},
title = {A highly accurate MCTM for direct and inverse problems of biharmonic equation in arbitrary plane domains},
volume = {30},
journal = {Tech Science Press CMES}
}

@article{dougall_1953, 
title={The Product of Two Legendre Polynomials},
volume={1},
DOI={10.1017/S2040618500035590},
number={3},
journal={Proceedings of the Glasgow Mathematical Association}, publisher={Cambridge University Press},
author={Dougall, John},
year={1953},
pages={121–125}
}

@article{KMLiu,
author = {Liu,Kun‐Mu },
title = {Relation between charge density and curvature of surface of charged conductor},
journal = {American Journal of Physics},
volume = {55},
number = {9},
pages = {849-852},
year = {1987},
doi = {10.1119/1.15010},
URL = { 
        https://doi.org/10.1119/1.15010  
},
eprint = { 
        https://doi.org/10.1119/1.15010 
}
}

@article{Torres,
author = {Torres, Maricella and González, J and Pastor, Gerardo},
year = {1989},
month = {11},
pages = {1044},
title = {: Comments on "Relation between charge density and curvature of surface of charged conductors (Am. Phys, 55, 849 (1987)},
volume = {57},
journal = {American Journal of Physics},
doi = {10.1119/1.15819}
}

@article{Smythe,
author = {Ralph Smythe, William},
year = {2019},
month = {05},
pages = {},
title = {Static and dynamic electricity / William R. Smythe},
journal = {SERBIULA (sistema Librum 2.0)}
}